<?xml version="1.0" encoding="UTF-8"?>
<record xmlns="http://www.loc.gov/MARC21/slim"
        xmlns:oclcterms="http://purl.org/oclc/terms/"
        xmlns:dc="http://purl.org/dc/elements/1.1/"
        xmlns:diag="http://www.loc.gov/zing/srw/diagnostic/"
        xmlns:xsi="http://www.w3.org/2001/XMLSchema-instance">
   <leader>00000cam a2200000 a 4500</leader>
   <controlfield tag="001">34555201</controlfield>
   <controlfield tag="008">951213s1995 dcua b f000 0 eng </controlfield>
   <datafield ind1=" " ind2=" " tag="010">
      <subfield code="a"> 95234014 </subfield>
   </datafield>
   <datafield ind1=" " ind2=" " tag="040">
      <subfield code="a">DLC</subfield>
      <subfield code="b">eng</subfield>
      <subfield code="c">DLC</subfield>
      <subfield code="d">SKW</subfield>
      <subfield code="d">AGL</subfield>
      <subfield code="d">OCL</subfield>
      <subfield code="d">AGL</subfield>
      <subfield code="d">OCLCQ</subfield>
      <subfield code="d">BTCTA</subfield>
      <subfield code="d">YDXCP</subfield>
      <subfield code="d">OCLCO</subfield>
      <subfield code="d">OCLCA</subfield>
      <subfield code="d">OCLCF</subfield>
      <subfield code="d">OCLCQ</subfield>
      <subfield code="d">GPO</subfield>
      <subfield code="d">OCLCQ</subfield>
      <subfield code="d">ELB</subfield>
      <subfield code="d">EJB</subfield>
      <subfield code="d">UOK</subfield>
   </datafield>
   <datafield ind1=" " ind2=" " tag="020">
      <subfield code="a">0160529999</subfield>
      <subfield code="q">(v. 1)</subfield>
   </datafield>
   <datafield ind1=" " ind2=" " tag="020">
      <subfield code="a">9780160529993</subfield>
      <subfield code="q">(v. 1)</subfield>
   </datafield>
   <datafield ind1=" " ind2=" " tag="020">
      <subfield code="a">0160530008</subfield>
      <subfield code="q">(v. 2)</subfield>
   </datafield>
   <datafield ind1=" " ind2=" " tag="020">
      <subfield code="a">9780160530005</subfield>
      <subfield code="q">(v. 2)</subfield>
   </datafield>
   <datafield ind1=" " ind2=" " tag="020">
      <subfield code="a">0160530016</subfield>
      <subfield code="q">(v. 3)</subfield>
   </datafield>
   <datafield ind1=" " ind2=" " tag="020">
      <subfield code="a">9780160530012</subfield>
      <subfield code="q">(v. 3)</subfield>
   </datafield>
   <datafield ind1=" " ind2=" " tag="020">
      <subfield code="a">0160530024</subfield>
      <subfield code="q">(v. 4)</subfield>
   </datafield>
   <datafield ind1=" " ind2=" " tag="020">
      <subfield code="a">9780160530029</subfield>
      <subfield code="q">(v. 4)</subfield>
   </datafield>
   <datafield ind1=" " ind2=" " tag="020">
      <subfield code="a">0160530032</subfield>
      <subfield code="q">(v. 5)</subfield>
   </datafield>
   <datafield ind1=" " ind2=" " tag="020">
      <subfield code="a">9780160530036</subfield>
      <subfield code="q">(v. 5)</subfield>
   </datafield>
   <datafield ind1=" " ind2=" " tag="043">
      <subfield code="a">n-usl--</subfield>
   </datafield>
   <datafield ind1="0" ind2="0" tag="050">
      <subfield code="a">TD756.5</subfield>
      <subfield code="b">.D38 1994</subfield>
   </datafield>
   <datafield ind1="0" ind2=" " tag="070">
      <subfield code="a">TD756.5.D39</subfield>
      <subfield code="b">1995</subfield>
   </datafield>
   <datafield ind1=" " ind2="0" tag="072">
      <subfield code="a">M300</subfield>
   </datafield>
   <datafield ind1=" " ind2="0" tag="072">
      <subfield code="a">W000</subfield>
   </datafield>
   <datafield ind1="0" ind2="0" tag="082">
      <subfield code="a">628.3/9</subfield>
      <subfield code="2">20</subfield>
   </datafield>
   <datafield ind1="0" ind2=" " tag="086">
      <subfield code="a">A 57.6/2:W 53/</subfield>
   </datafield>
   <datafield ind1=" " ind2=" " tag="088">
      <subfield code="a">EPA 843-F-00-001</subfield>
   </datafield>
   <datafield ind1=" " ind2=" " tag="088">
      <subfield code="a">EPA 843-F-00-002</subfield>
   </datafield>
   <datafield ind1=" " ind2=" " tag="088">
      <subfield code="a">EPA 843-F-00-003</subfield>
   </datafield>
   <datafield ind1=" " ind2=" " tag="088">
      <subfield code="a">EPA 843-F-00-004</subfield>
   </datafield>
   <datafield ind1=" " ind2=" " tag="088">
      <subfield code="a">EPA 843-F-00-005</subfield>
   </datafield>
   <datafield ind1="1" ind2=" " tag="100">
      <subfield code="a">Davis, Luise.</subfield>
   </datafield>
   <datafield ind1="1" ind2="2" tag="245">
      <subfield code="a">A handbook of constructed wetlands :</subfield>
      <subfield code="b">a guide to creating wetlands for--agricultural wastewater, domestic
              wastewater, coal mine drainage, stormwater in the Mid-Atlantic Region.</subfield>
   </datafield>
   <datafield ind1=" " ind2=" " tag="260">
      <subfield code="a">Washington, DC :</subfield>
      <subfield code="b">For sale by the U.S. G.P.O., Supt. of Docs.,</subfield>
      <subfield code="c">[1994]</subfield>
   </datafield>
   <datafield ind1=" " ind2=" " tag="300">
      <subfield code="a">5 volumes :</subfield>
      <subfield code="b">illustrations (some color) ;</subfield>
      <subfield code="c">28 cm</subfield>
   </datafield>
   <datafield ind1=" " ind2=" " tag="336">
      <subfield code="a">text</subfield>
      <subfield code="b">txt</subfield>
      <subfield code="2">rdacontent</subfield>
   </datafield>
   <datafield ind1=" " ind2=" " tag="337">
      <subfield code="a">unmediated</subfield>
      <subfield code="b">n</subfield>
      <subfield code="2">rdamedia</subfield>
   </datafield>
   <datafield ind1=" " ind2=" " tag="338">
      <subfield code="a">volume</subfield>
      <subfield code="b">nc</subfield>
      <subfield code="2">rdacarrier</subfield>
   </datafield>
   <datafield ind1=" " ind2=" " tag="500">
      <subfield code="a">"Prepared by Luise Davis for the USDA-Natural Resources Conservation
              Service and the US Environmental Protection Agency-Region III, in cooperation with the
              Pennsylvania Department of Environmental Resources"--Page 2 of cover.</subfield>
   </datafield>
   <datafield ind1=" " ind2=" " tag="500">
      <subfield code="a">"EPA 843-F-00-005, Volume 1."</subfield>
   </datafield>
   <datafield ind1=" " ind2=" " tag="500">
      <subfield code="a">"EPA 843-F-00-001, Volume 2."</subfield>
   </datafield>
   <datafield ind1=" " ind2=" " tag="500">
      <subfield code="a">"EPA 843-F-00-002, Volume 3."</subfield>
   </datafield>
   <datafield ind1=" " ind2=" " tag="500">
      <subfield code="a">"EPA 843-F-00-003, Volume 4."</subfield>
   </datafield>
   <datafield ind1=" " ind2=" " tag="500">
      <subfield code="a">"EPA 843-F-00-004, Volume 5."</subfield>
   </datafield>
   <datafield ind1=" " ind2=" " tag="504">
      <subfield code="a">Includes bibliographical references.</subfield>
   </datafield>
   <datafield ind1="0" ind2=" " tag="505">
      <subfield code="a">v. 1. General considerations -- v. 2. Domestic wastewater -- v. 3.
              Agricultural wastewater -- v. 4. Coal mine drainage -- v. 5. Stormwater.</subfield>
   </datafield>
   <datafield ind1=" " ind2=" " tag="530">
      <subfield code="a">Also available on the Internet.</subfield>
   </datafield>
   <datafield ind1=" " ind2="0" tag="650">
      <subfield code="a">Constructed wetlands</subfield>
      <subfield code="z">Middle Atlantic States</subfield>
      <subfield code="x">Design and construction.</subfield>
   </datafield>
   <datafield ind1=" " ind2="7" tag="650">
      <subfield code="a">Constructed wetlands</subfield>
      <subfield code="x">Design and construction.</subfield>
      <subfield code="2">fast</subfield>
      <subfield code="0">(OCoLC)fst00875885</subfield>
   </datafield>
   <datafield ind1=" " ind2="7" tag="651">
      <subfield code="a">Middle Atlantic States.</subfield>
      <subfield code="2">fast</subfield>
      <subfield code="0">(OCoLC)fst01240044</subfield>
   </datafield>
   <datafield ind1="1" ind2=" " tag="710">
      <subfield code="a">United States.</subfield>
      <subfield code="b">Natural Resources Conservation Service.</subfield>
   </datafield>
   <datafield ind1="1" ind2=" " tag="710">
      <subfield code="a">United States.</subfield>
      <subfield code="b">Environmental Protection Agency.</subfield>
      <subfield code="b">Region III.</subfield>
   </datafield>
   <datafield ind1="1" ind2=" " tag="710">
      <subfield code="a">Pennsylvania.</subfield>
      <subfield code="b">Department of Environmental Resources.</subfield>
   </datafield>
   <datafield ind1="0" ind2="8" tag="776">
      <subfield code="i">Online version:</subfield>
      <subfield code="t">Handbook of constructed wetlands</subfield>
      <subfield code="w">(OCoLC)56338670</subfield>
   </datafield>
   <datafield ind1="0" ind2="8" tag="776">
      <subfield code="i">Microfiche version:</subfield>
      <subfield code="a">Davis, Luise.</subfield>
      <subfield code="t">Handbook of constructed wetlands</subfield>
      <subfield code="w">(OCoLC)35624329</subfield>
   </datafield>
   <datafield ind1="4" ind2="1" tag="856">
      <subfield code="u">http://www.epa.gov/owow/wetlands/pdf/hand.pdf</subfield>
   </datafield>
   <datafield ind1="4" ind2="1" tag="856">
      <subfield code="u">http://nepis.epa.gov/Exe/ZyPDF.cgi?Dockey=P100CHM3.PDF</subfield>
      <subfield code="z">Vol. 1</subfield>
   </datafield>
   <datafield ind1="4" ind2="1" tag="856">
      <subfield code="u">http://nepis.epa.gov/Exe/ZyPDF.cgi?Dockey=20005384.PDF</subfield>
      <subfield code="z">Vol. 1</subfield>
   </datafield>
   <datafield ind1="4" ind2="1" tag="856">
      <subfield code="u">http://nepis.epa.gov/Exe/ZyPDF.cgi?Dockey=200053MF.PDF</subfield>
      <subfield code="z">Vol. 2</subfield>
   </datafield>
   <datafield ind1="4" ind2="1" tag="856">
      <subfield code="u">http://nepis.epa.gov/Exe/ZyPDF.cgi?Dockey=200053ND.PDF</subfield>
      <subfield code="z">Vol. 3</subfield>
   </datafield>
   <datafield ind1="4" ind2="1" tag="856">
      <subfield code="u">http://nepis.epa.gov/Exe/ZyPDF.cgi?Dockey=200053OD.PDF</subfield>
      <subfield code="z">Vol. 4</subfield>
   </datafield>
   <datafield ind1="4" ind2="1" tag="856">
      <subfield code="u">http://nepis.epa.gov/Exe/ZyPDF.cgi?Dockey=200053P9.PDF</subfield>
      <subfield code="z">Vol. 5</subfield>
   </datafield>
   <datafield ind1=" " ind2=" " tag="938">
      <subfield code="a">Baker and Taylor</subfield>
      <subfield code="b">BTCP</subfield>
      <subfield code="n">95234014</subfield>
   </datafield>
   <datafield ind1=" " ind2=" " tag="938">
      <subfield code="a">YBP Library Services</subfield>
      <subfield code="b">YANK</subfield>
      <subfield code="n">2025458</subfield>
   </datafield>
</record>
